<?xml version = "1.0" encoding = "UTF-8"?>
  <collection xmlns="http://www.loc.gov/MARC21/slim"
xmlns:xsi="http://www.w3.org/2001/XMLSchema-instance"
xsi:schemaLocation="http://www.loc.gov/MARC21/slim
http://www.loc.gov/standards/marcxml/schema/MARC21slim.xsd">
  <record xmlns="http://www.loc.gov/MARC21/slim"
  xmlns:xsi="http://www.w3.org/2001/XMLSchema-instance"
  xsi:schemaLocation="http://www.loc.gov/MARC21/slim
  http://www.loc.gov/standards/marcxml/schema/MARC21slim.xsd">
    <leader>     nam a22     1  4500</leader>
    <controlfield tag="001">cpk20041489030</controlfield>
    <controlfield tag="003">CZ PrNK</controlfield>
    <controlfield tag="005">20050228154540.0</controlfield>
    <controlfield tag="008">041115s1819    xr                  cze</controlfield>
    <datafield tag="015" ind1=" " ind2=" ">
      <subfield code="a">cnb001489030</subfield>
    </datafield>
    <datafield tag="040" ind1=" " ind2=" ">
      <subfield code="a">ABA001</subfield>
      <subfield code="b">cze</subfield>
      <subfield code="c">ABA001</subfield>
      <subfield code="d">ABA001</subfield>
    </datafield>
    <datafield tag="100" ind1="1" ind2=" ">
      <subfield code="a">Hájek z Libočan, Václav,</subfield>
      <subfield code="d">-1553</subfield>
      <subfield code="7">jk01033098</subfield>
      <subfield code="4">aut</subfield>
    </datafield>
    <datafield tag="245" ind1="1" ind2="0">
      <subfield code="a">Kronika česká /</subfield>
      <subfield code="c">Václav Hájek z Libočan</subfield>
    </datafield>
    <datafield tag="260" ind1=" " ind2=" ">
      <subfield code="a">Praha :</subfield>
      <subfield code="b">[s.n.],</subfield>
      <subfield code="c">1819</subfield>
    </datafield>
    <controlfield tag="300">;$$c8°</controlfield>
    <datafield tag="500" ind1=" " ind2=" ">
      <subfield code="a">Il. v textu z pův. vyd.</subfield>
    </datafield>
    <datafield tag="500" ind1=" " ind2=" ">
      <subfield code="a">Podle původního vydání z r. 1541</subfield>
    </datafield>
    <datafield tag="998" ind1=" " ind2=" ">
      <subfield code="a">http://aleph.nkp.cz/F/?func=direct&amp;doc_number=001489030&amp;local_base=CNB</subfield>
    </datafield>
  </record>

</collection>
